<?xml version="1.0" encoding="UTF-8"?><collection xmlns="http://www.loc.gov/MARC21/slim"><record><leader>00414nam--2200157-i-4500</leader><controlfield tag="001">000039739</controlfield><controlfield tag="002">20161230</controlfield><controlfield tag="005">20170128181547</controlfield><controlfield tag="008">060222s1000------------r-----000-0-eng-d</controlfield><datafield ind1=" " ind2=" " tag="080"><subfield code="a">621.384.664</subfield></datafield><datafield ind1=" " ind2=" " tag="245"><subfield code="a">Preparation of nuclear targets for particle accelerators</subfield></datafield><datafield ind1=" " ind2=" " tag="260"><subfield code="a">New York</subfield><subfield code="b">Plenum Press</subfield><subfield code="c">1981</subfield></datafield><datafield ind1=" " ind2=" " tag="300"><subfield code="a">X + 289 p</subfield></datafield><datafield ind1=" " ind2=" " tag="700"><subfield code="a">Jaklovsky, Jozef</subfield></datafield><datafield ind1=" " ind2=" " tag="852"><subfield code="a">49946</subfield></datafield><datafield ind1=" " ind2=" " tag="CAT"><subfield code="a">SYS</subfield><subfield code="c">20170128</subfield><subfield code="h">181547</subfield></datafield></record></collection>